/home/haozeke/Documents/References/zotero.bib